001  0000174
005  20170807162015.090
008  170720s||||     bl|||||||||||||||||por|u
020    $a8585362774
040    $aPorto Alegre$bpor
100 1  $aMata, João da
245 10 $aA liberdade do corpo$bSoma, capoeira angola e anarquismo$cJoão da Mata
260    $aSão Paulo$bEditora Imaginário$c2001
300    $a115 p.
650    $aCapoeira
650    $aTerapia
650    $aCultura
650    $aAnarquismo
650    $aCorpo
650    $aCapoeira angola
